, @Preamble{ " \newcommand{\noop}[1]{} " }

@article{Staerk2021,
title = {Estimating effective infection fatality rates during the course of the COVID-19 pandemic in Germany},
author = {Staerk, C and Wistuba, T and Mayr, A},
journal = {BMC Public Health},
volume = {21},
year = {2021},
}

@misc{delphisurvey,
title = {COVID Symptom Survey},
author = {Delphi Group},
howpublished = {\url{https://cmu-delphi.github.io/delphi-epidata/symptom-survey/}},
year = {2020},
}

@misc{fivestageplan,
title = {Each of Indiana's reopening stages, explained},
author = {May, Ethan},
howpublished = {\url{https://www.indystar.com/story/news/health/2020/05/01/when-indiana-reopen-here-phases-set-reopening/3067992001/}},
year = {2020},
}

@misc{wishtv2020,
title = {Indiana opens up COVID-19 testing to all Hoosiers with symptoms},
author = {Staff Reports},
howpublished  = {\url{https://www.wishtv.com/news/medical/indiana-opens-up-covid-19-testing-to-more-hoosiers/}},
year = {2020},
}

@misc{IndianaData2021,
  author = {IDOH},
  year = {2021},
  title = {COVID-19 Case Demographics Daily Trend},
  howpublished  = {\url{https://hub.mph.in.gov/dataset/covid-19-case-demographics-daily-trend/resource/c8a0ff06-7ff6-4932-b61e-a87ad2710797}},
  note = {Accessed: 2021-06-15},
}

@misc{indystar2020,
 title = {Coronavirus testing in Indiana: Here's who can get a test},
 year = {2020},
 author = {Adams, Dwight},
 howpublished  = {\url{https://www.indystar.com/story/news/health/2020/05/12/coronavirus-testing-indiana-who-should-get-tested/3110592001/}},
 }

 @misc{indystar2020v2,
 title = {Want a coronavirus test? Anyone can get one now, state says. Here's how.},
 author = {Rudavsky, Shari},
 year = {2020},
 howpublished = {\url{https://www.indystar.com/story/news/health/2020/06/12/indiana-says-anyone-who-wants-coronavirus-test-can-get-one/3179151001/}},
 }

@misc{OECD2021,
  author = {Scarpetta, S and Pearson, M and Colombo, F and Guanai, F and Dedet, G and Lopert, R and Wenz, M},
  year = {2021},
  title = {OECD Policy Responses to Coronavirus (COVID-19)},
  howpublished  = {\url{https://www.oecd.org/coronavirus/policy-responses/testing-for-covid-19-how-to-best-use-the-various-tests-c76df201/}},
  note = {Accessed: 2021-06-15},
}

@article{Mina2020,
author = {Mina, Michael J. and Parker, Roy and Larremore, Daniel B.},
title = {Rethinking Covid-19 Test Sensitivity — A Strategy for Containment},
journal = {New England Journal of Medicine},
volume = {383},
number = {22},
pages = {e120},
year = {2020},
doi = {10.1056/NEJMp2025631},
URL = { https://doi.org/10.1056/NEJMp2025631 },
eprint = { https://doi.org/10.1056/NEJMp2025631 }
}


@article{Lauer2020,
author = {Lauer, S and Grantz, K and Qifang, B and Jones, F and Zheng, Q and Meredith, H and Azman, A and Reich, N and Lessler, J},
title = {The Incubation Period of Coronavirus Disease 2019 (COVID-19) From Publicly Reported Confirmed Cases: Estimation and Application},
journal = {Ann Intern Med.},
year = {2020},
volume = {172},
number = {9},
pages = {577--582},
doi = {10.7326/M20-0504},
}

@article {Yiannoutsos2021,
  author = {Yiannoutsos, Constantin T. and Halverson, Paul K. and Menachemi, Nir},
  title = {Bayesian estimation of SARS-CoV-2 prevalence in Indiana by random testing},
  volume = {118},
  number = {5},
  elocation-id = {e2013906118},
  year = {2021},
  doi = {10.1073/pnas.2013906118},
  publisher = {National Academy of Sciences},
  issn = {0027-8424},
  URL = {https://www.pnas.org/content/118/5/e2013906118},
  eprint = {https://www.pnas.org/content/118/5/e2013906118.full.pdf},
  journal = {Proceedings of the National Academy of Sciences}
}


@article {Cohen2020,
  author = {Cohen, Andrew N and Kessel, Bruce and Milgroom, Michael G},
  title = {Diagnosing COVID-19 infection: the danger of over-reliance on positive test results},
  elocation-id = {2020.04.26.20080911},
  year = {2020},
  doi = {10.1101/2020.04.26.20080911},
  publisher = {Cold Spring Harbor Laboratory Press},
  URL = {https://www.medrxiv.org/content/early/2020/09/28/2020.04.26.20080911},
  eprint = {https://www.medrxiv.org/content/early/2020/09/28/2020.04.26.20080911.full.pdf},
  journal = {medRxiv}
}


@article{Woloshin2020,
author = {Woloshin, Steven and Patel, Neeraj and Kesselheim, Aaron},
title = {False negative tests for SARS-CoV-2 Infection -- Challenges and Implications},
journal = {N Engl J Med},
volume = {383},
number = {e38},
year = {2020},
}

@article{deville1993,
author = {Deville, J.C. and  S{\:a}rndal, C.-E., and Sautory, O.},
title = {Generalized Raking Procedures in Survey Sampling},
journal = {Journal of the American Statistical Association},
volume = {88},
number = {423},
pages = {1013-1020},
year  = {1993},
publisher = {Taylor & Francis},
}


@article{HT1952,
author = {Horvitz, D. G. and Thompson, D. J.},
year = {1952},
title = {A generalization of sampling without replacement from a finite universe},
journal = {Journal of the American Statistical Association},
number = {47},
pages = {663--685},
}

@misc{Johndrow2020,
Author = {Johndrow, J. and Lum, K. and Gargiulo, M. and Ball, P.},
Title = {Estimating the number of SARS-CoV-2 infections and the impact of social distancing in the United States},
Year = {2020},
Eprint = {arXiv:2004.02605},
}

@article{Hao2020,
journal = {Nature},
author = {Hao, X. and Cheng, S. and Wu, D. and Wu, T. and Lin, X. and Wang, C.},
title = {Reconstruction of the full transmission dynamics of COVID-19 in Wuhan},
pages = {420--424},
year = {2020},}

@article{Osthus2017,
journal = {Annals of Applied Statistics},
author = {Osthus, D. and Hickmann, K. and Caragea, P. and Higdon, D. and Del Valle, S.},
title = {Forecasting seasonal influenza with a state-space sir model},
volume = {11},
number = {1},
year = {2017},
}

@article{Zhou2020Spatiotemporal,
journal = {Harvard Data Science Review},
doi = {10.1162/99608f92.79e1f45e},
note = {https://hdsr.mitpress.mit.edu/pub/qqg19a0r},
title = {A Spatiotemporal Epidemiological Prediction Model to Inform County-Level COVID-19 Risk in the United States},
url = {https://hdsr.mitpress.mit.edu/pub/qqg19a0r},
author = {Zhou, Yiwang and Wang, Lili and Zhang, Leyao and Shi, Lan and Yang, Kangping and He, Jie and Zhao, Bangyao and Overton, William and Purkayastha, Soumik and Song, Peter},
date = {2020-08-06},
year = {2020},
month = {8},
day = {6},
}

@article {Levin2020,
  author = {Levin, Andrew T and Hanage, William P. and Owusu-Boaitey, Nana and Cochran, Kensington B. and Walsh, Seamus P. and Meyerowitz-Katz, Gideon},
  title = {Assessing the age specificity of infection fatality rates for Covid-19: Systematic review, meta-analysis, and public policy implications},
  year = {2020},
  doi = {10.1101/2020.07.23.20160895},
  publisher = {Cold Spring Harbor Laboratory Press},
  URL = {https://www.medrxiv.org/content/early/2020/10/08/2020.07.23.20160895},
  eprint = {https://www.medrxiv.org/content/early/2020/10/08/2020.07.23.20160895.full.pdf},
  journal = {medRxiv},
}


@article{Song2020,
  author = {Song, Peter X and Wang, Lili and Zhou, Yiwang and He, Jie and Zhu, Bin and Wang, Fei and Tang, Lu and Eisenberg, Marisa},
  title = {An epidemiological forecast model and software assessing interventions on COVID-19 epidemic in China},
  year = {2020},
  publisher = {Cold Spring Harbor Laboratory Press},
  URL = {https://www.medrxiv.org/content/early/2020/03/03/2020.02.29.20029421},
  journal = {medRxiv},
}

@article{Valliant2011,
author = {Valliant, R. and Dever, J.},
title = {Estimating Propensity Adjustments for Volunteer Web Surveys},
journal = {Sociological Methods \& Research},
volume = {40},
number = {1},
pages = {105 -- 137},
year = {2011},
}


@article{Breidt2017,
author = {Breidt, F. and Opsomer, J.},
title = {Model-assisted survey estimation with modern prediction techniques},
journal = {Statistical Science},
volume = {32},
number = {2},
pages = {190--205},
year = {2017},}

@article{Elliott2017,
author = {Elliott, M. and Valliant, R.},
title = {Inference for Nonprobability Samples},
journal = {Statistical Science},
volume = {32},
number = {2},
pages = {249--264},
year = {2017}
}

@article{Chen2019,
author = {Chen, Y. and Li, P. and Wu, C.},
title = {Doubly Robust Inference With Nonprobability Survey Samples},
journal = {Journal of the American Statistical Association},
year = {2019},
}

@article{Giordano2020,
author = {Giordano, G. and Blanchini, F. and Bruno, R. and Colaneri, P. and  Di Filippo, A. and Di Matteo, A. and Colaneri, M.},
title = {Modelling the COVID-19 epidemic and implementation of population-wide interventions in Italy},
journal = {Nature Medicine},
year = {2020},
}

@article{JTD36385,
  author = {Zifeng Yang and Zhiqi Zeng and Ke Wang and Sook-San Wong and Wenhua Liang and Mark Zanin and Peng Liu and Xudong Cao and Zhongqiang Gao and Zhitong Mai and Jingyi Liang and Xiaoqing Liu and Shiyue Li and Yimin Li and Feng Ye and Weijie Guan and Yifan Yang and Fei Li and Shengmei Luo and Yuqi Xie and Bin Liu and Zhoulang Wang and Shaobo Zhang and Yaonan Wang and Nanshan Zhong and Jianxing He},
  title = {Modified SEIR and AI prediction of the epidemics trend of COVID-19 in China under public health interventions},
  journal = {Journal of Thoracic Disease},
  volume = {12},
  number = {3},
  year = {2020},
}

@article {Wang2020.03,
  author = {Wang, Chaolong and Liu, Li and Hao, Xingjie and Guo, Huan and Wang, Qi and Huang, Jiao and He, Na and Yu, Hongjie and Lin, Xihong and Pan, An and Wei, Sheng and Wu, Tangchun},
  title = {Evolving Epidemiology and Impact of Non-pharmaceutical Interventions on the Outbreak of Coronavirus Disease 2019 in Wuhan, China},
  year = {2020},
  publisher = {Cold Spring Harbor Laboratory Press},
  journal = {medRxiv}
}


@article{Keiding2016,
author = {Keiding, N. and Louis, T. A.},
year = {2016},
title = {Perils and potentials of self‐selected entry to epidemiological studies and surveys},
journal = {Journal of the Royal Statistical Society: Series A (Statistics in Society)},
volume = {179},
number = {2},
pages = {319--376},
}

@book{Hernan2020,
author = {Hern{\'a}n, M.A. and Robins, J.M.},
year = {2020},
title = {Causal Inference: What If},
publisher = {Chapman \& Hall/CRC},
address= {Boca Raton},
}

@Book{CoxHink74,
  Title                    = {Theoretical Statistics},
  Author                   = {David R. Cox and David V. Hinkley},
  Publisher                = {Chapman \& Hall},
  Year                     = {1974},

  Address                  = {London, England}
}

@article{Pastor2001,
author = {Pastor-Satorras, R. and Vespignani, A.},
title = {Epidemic spreading in scale-free networks},
year = {2001},
journal = {Phys. Rev. Lett.},
volume = {86},
}

@article{Newman2002,
author = {Newman, MEJ},
title = {Spread of epidemic disease on networks},
year = {2002},
journal = {Phys. Rev. Lett.},
volume = {66},
}

@article{Parshani2010,
author = {Parshani, R. and Carmi, S. and Havlin, S.},
title = {Epidemic Threshold for the SIS Model on Random Networks},
year = {2010},
journal = {Phys. Rev. Lett.},
volume = {104},
}

@article{Ioannidis2020,
author = {Ioannidis, John},
title = {A fiasco in the making? As the coronavirus pandemic takes hold, we are making decisions without reliable data},
journal = {Stat News},
year = {2020},
}

@article {Bendavid2020,
  author = {Bendavid, Eran and Mulaney, Bianca and Sood, Neeraj and Shah, Soleil and Ling, Emilia and Bromley-Dulfano, Rebecca and Lai, Cara and Weissberg, Zoe and Saavedra-Walker, Rodrigo and Tedrow, James and Tversky, Dona and Bogan, Andrew and Kupiec, Thomas and Eichner, Daniel and Gupta, Ribhav and Ioannidis, John and Bhattacharya, Jay},
  title = {COVID-19 Antibody Seroprevalence in Santa Clara County, California},
  year = {2020},
  journal = {medRxiv}
}


@article{Sanche2020,
author = {Sanche, S and Lin, YT and Xu, C and Romero-Severson, E and Hengartner, N and Ke, R},
title = {High contagiousness and rapid spread of severe acute respiratory syndrome coronavirus 2},
journal = {Emerg Infect Dis.},
year = {2020},
}

@article{Bettencourt2008,
 author = {Bettencourt, LMA and Ribeiro, RM},
 year = {2008},
 title = {Real Time Bayesian Estimation of the Epidemic Potential of Emerging Infectious Diseases},
 journal = {PLoS ONE},
 volume = {3},
 number = {5},
 pages = {e2185},
}

@article{Gabriel2020,
  author = {Leung, Gabriel},
  journal = {New York Times},
  year = {2020},
  title = {Lockdown Can’t Last Forever. Here’s How to Lift It.},
}

@article{JHU_Lancet,
AUTHOR = {Dong, E. and Du, H. and Gardner, L.},
TITLE = {An interactive web-based dashboard to track COVID-19 in real time},
JOURNAL = {Lancet Infect Dis},
YEAR = {2020},
VOLUME = {20},
ISSUE = {5},
PAGES  = {533--534},
}

@article{NYT,
author = {Smith, M. and Yourish, K. and Almukhtar, S. and Collins, K. and Ivory, D. and Harmon, A.},
title = {Coronavirus in the US},
journal = {New York Times},
year = {2020},
}

@article {Ray2020,
  author = {Ray, Debashree and Salvatore, Maxwell and Bhattacharyya, Rupam and Wang, Lili and Mohammed, Shariq and Purkayastha, Soumik and Halder, Aritra and Rix, Alexander and Barker, Daniel and Kleinsasser, Michael and Zhou, Yiwang and Song, Peter and Bose, Debraj and Banerjee, Mousumi and Baladandayuthapani, Veerabhadran and Ghosh, Parikshit and Mukherjee, Bhramar},
  title = {Predictions, role of interventions and effects of a historic national lockdown in India{\textquoteright}s response to the COVID-19 pandemic: data science call to arms},
  year = {2020},
  journal = {medRxiv}
}

@article {2020.IHME,
  author = {IHME and Murray, Christopher JL},
  title = {Forecasting the impact of the first wave of the COVID-19 pandemic on hospital demand and deaths for the USA and European Economic Area countries},
  year = {2020},
  journal = {medRxiv}
}

@article{Meng2018,
author =  {Xiao-Li Meng},
year = {2018},
journal = {Ann. Appl. Stat.},
volume = {12},
number = {2},
pages = {685--726},
TITLE = {Statistical paradises and paradoxes in big data (I): Law of large populations, big data paradox, and the 2016 US presidential election},
}

@book{Cochran77,
  author = {Cochran, William G.},
  publisher = {John Wiley},
  title = {Sampling Techniques, 3rd Edition.},
  year = {1977},
}

@article{Siddarth2020,
author = {Siddarth, D. and Weyl, E.},
title = {Why we must test millions a day},
journal = {COVID-19 Rapid Response Impact Initiative},
year = {2020},
}

@article{Beesley2020,
author = {Beesley, L. and Fritsche, L. and Mukherjee, B.},
title = {An analytic framework for exploring sampling and observation process biases in genome and phenome‐wide association studies using electronic health records},
year = {2020},
journal = {Statistics in Medicine},
}

@article {Beesley2019,
  author = {Beesley, Lauren J and Mukherjee, Bhramar},
  title = {Statistical inference for association studies using electronic health records: handling both selection bias and outcome misclassification},
  year = {2019},
  journal = {medRxiv},
}

@article{Smeden2019,
    author = {van Smeden, Maarten and Lash, Timothy L and Groenwold, Rolf H H},
    title = {Reflection on modern methods: five myths about measurement error in epidemiological research},
    journal = {International Journal of Epidemiology},
    volume = {49},
    number = {1},
    pages = {338-347},
    year = {2019},
}

@article{Gabriel2020,
  author = {Leung, Gabriel},
  journal = {New York Times},
  year = {2020},
  title = {Lockdown Can’t Last Forever. Here’s How to Lift It.},
}

@misc{worlddata,
  title = {Our World in Data},
  howpublished = {https://ourworldindata.org/grapher/full-list-cumulative-total-tests-per-thousand},
  note = {Accessed: 2020-05-21}
}